=LDR  02619 am a22006373  4500
=001  015742537
=003  Uk
=005  20210204113221.0
=007  cr\mn\024mpadp
=007  cr\mn\024mpada
=008  880118s1828\\\\fr\\\\\\s\\\\\000\p\eng\\
=040  \\$aUk$cUk$dUk
=245  04$aThe British poets of the nineteenth century$h[electronic resource] /$cIncluding the select works of Crabbe, Wilson, Coleridge, Wordsworth, Rogers. Campbell, Miss Landon, Barton, Montgomery, Southey, Hogg, Barry Cornwall, and others. Being a supplementary volume to the Poetical Works of Byron, Scott and Moore. [Edited by J. W. Lake.]
=264  \1$aParis :$bBaudry,$c1828.
=300  \\$axx, 788 pages ;$c(8º)
=336  \\$atext$2rdacontent
=337  \\$acomputer$2rdamedia
=338  \\$aonline resource$2rdacarrier
=340  \\$m8vo$2rdabf
=700  1\$aLake, J. W.
=852  4\$aBritish Library$bHMNTS$cDRT$jDigital Store 11612.n.2.
=856  41$uhttp://books.google.co.uk/books?vid=BL:A0017802389$yGoogle_Books
=859  \\$aXLD$bMS Digitised
=859  \\$aXLD$bGOOGLEBOOKS
=985  \\$aCorrected by MS generated file for WR# 11/211
=985  \\$aCorrected by MS generated file for WR# 1805-0738
=CAT  \\$aBATCH-MSDN$b00$c20110201$lBLL01$h1108
=CAT  \\$a8874$b40$c20120127$lBLL01$h0835
=CAT  \\$a8874$b40$c20120127$lBLL01$h0836
=CAT  \\$a11814$b40$c20120927$lBLL01$h1429
=CAT  \\$aBATCH-MSDE$b00$c20130227$lBLL01$h1542
=CAT  \\$aMSD-SUPP$c20130227$lBLL01$h1832
=CAT  \\$aBATCH-UPD$b00$c20130318$lBLL01$h1049
=CAT  \\$aWR13.117$c20130720$lBLL01$h1920
=CAT  \\$aWR14.046$c20140417$lBLL01$h1724
=CAT  \\$aWR13.144/5$c20140418$lBLL01$h1022
=CAT  \\$aBATCH-DCW$b00$c20140729$lBLL01$h0209
=CAT  \\$aWR11_211$c20141230$lBLL01$h1741
=CAT  \\$aBLSS-CORR$b00$c20141230$lBLL01$h1744
=CAT  \\$aWR14_057$b00$c20151129$lBLL01$h1955
=CAT  \\$aBATCH-FIX$c20160124$lBLL01$h1228
=CAT  \\$aBATCH-FIX$c20160125$lBLL01$h1511
=CAT  \\$aBATCH-DCW$c20160713$lBLL01$h1618
=CAT  \\$a1805-0738$c20181228$lBLL01$h1830
=CAT  \\$a1805-0738$b00$c20181228$lBLL01$h1915
=CAT  \\$a6490$b40$c20210204$lBLL01$h1132
=DGM  \\$a000478468$bCatBridge variable field
=DRT  \\$aMSD
=DRT  \\$aGOOGLEBOOKS
=FIN  \\$aY$d20130227
=FMT  \\$a  BK
=LAS  \\$a6490$b40$c20210204$lBLL01$h1132
=LKR  \\$aPAR$lBLL01$r776$b000478468$mThe British poets of the nineteenth century$nThe British poets of the nineteenth century
=SRC  \\$aGOOGLEBOOKS$bGoogleBooks_20140728
=SRC  \\$aMSD$bmsdig_000172
=SRC  \\$aMSD$bmsdig_000616

