=LDR  03394 am a22006973  4500
=001  015743151
=003  Uk
=005  20210204105041.0
=007  cr\mn\024mpadp
=007  cr\mn\024mpada
=008  901001s1851\\\\enkc\\\\s\\\\\000\0\eng\\
=040  \\$aUk$cUk$dUk
=245  04$aThe dramatic works of Wycherley, Congreve, Vanbrugh, and Farquhar$h[electronic resource] :$bwith biographical and critical notices by Leigh Hunt.
=250  \\$aA new ed.
=264  \1$aLondon :$bEdward Moxon,$c1851.
=300  \\$alxxxiv, 668 pages ;$c(8º)
=336  \\$atext$2rdacontent
=337  \\$acomputer$2rdamedia
=338  \\$aonline resource$2rdacarrier
=505  0\$aWycherley: Biographical and critical notices. Love in a wood; or, St. James's park. The gentleman dancing-master. The country wife. The plain dealer.--Congreve: Commendatory verses. The old bachelor. The double-dealer. Love for love. The mourning bride.--The way of the world. The judgment of Paris.--Semele.--Vanbrugh: The relapse; or, Virtue in danger. The provoked wife.--Æsop, Pt. I-II. The false friend. The confederacy. The mistake. The country house. A journey to London.--Farquhar: Love and a bottle. The constant couple; or, A trip to the jubilee. Sir Harry Wildair. The inconstant: or, The way to win him. The twin-rivals. The recruiting officer. The beaux' stratagem.
=700  1\$aWycherley, William,$d1640-1716.
=700  1\$aCongreve, William,$d1670-1729.
=700  1\$aVanbrugh, John,$d1664-1726.
=700  1\$aFarquhar, George,$d1677?-1707.
=700  1\$aHunt, Leigh,$d1784-1859.
=852  4\$aBritish Library$bHMNTS$cDRT$jDigital Store 11771.f.11.
=856  41$uhttp://books.google.co.uk/books?vid=BL:A0018079504$yGoogle_Books
=859  \\$aXLD$bMS Digitised
=859  \\$aXLD$bGOOGLEBOOKS
=985  \\$aCorrected by MS generated file for WR# 11/211
=985  \\$aCorrected by MS generated file for WR# 1805-0738
=CAT  \\$aBATCH-MSDN$b00$c20110201$lBLL01$h1531
=CAT  \\$a8874$b40$c20120312$lBLL01$h1350
=CAT  \\$aBATCH-UPD$b40$c20121013$lBLL01$h1829
=CAT  \\$aBATCH-MSDE$b00$c20130227$lBLL01$h1648
=CAT  \\$aMSD-SUPP$c20130227$lBLL01$h1832
=CAT  \\$aBATCH-UPD$b00$c20130318$lBLL01$h1050
=CAT  \\$aWR13.117$c20130720$lBLL01$h1920
=CAT  \\$aWR14.046$c20140417$lBLL01$h1724
=CAT  \\$aWR13.144/5$c20140418$lBLL01$h1023
=CAT  \\$aBATCH-DCW$b00$c20140627$lBLL01$h0035
=CAT  \\$aWR11_211$c20141230$lBLL01$h1741
=CAT  \\$aBLSS-CORR$b00$c20141230$lBLL01$h1744
=CAT  \\$aWR14_057$b00$c20151129$lBLL01$h2003
=CAT  \\$aBATCH-FIX$c20160124$lBLL01$h1228
=CAT  \\$aBATCH-FIX$c20160125$lBLL01$h1511
=CAT  \\$aBATCH-DCW$c20160713$lBLL01$h1618
=CAT  \\$a1805-0738$c20181228$lBLL01$h1830
=CAT  \\$a1805-0738$b00$c20181228$lBLL01$h1915
=CAT  \\$aW2001-2376$c20200626$lBLL01$h1827
=CAT  \\$a6490$b40$c20210204$lBLL01$h1050
=DGM  \\$a003988430$bCatBridge variable field
=DRT  \\$aMSD
=DRT  \\$aGOOGLEBOOKS
=FIN  \\$aY$d20130227
=FMT  \\$a  BK
=LAS  \\$a6490$b40$c20210204$lBLL01$h1050
=LKR  \\$aPAR$lBLL01$r776$b003988430$mThe dramatic works of Wycherley, Congreve, Vanbrugh, and Farquhar$nThe dramatic works of Wycherley, Congreve, Vanbrugh, and Farquhar
=SRC  \\$aGOOGLEBOOKS$bGoogleBooks_20140625_catchup
=SRC  \\$aMSD$bmsdig_000173
=SRC  \\$aMSD$bmsdig_000626

