=LDR  02443 am a22006253  4500
=001  014803509
=003  Uk
=005  20210204115656.0
=007  cr\mn\024mpadp
=007  cr\mn\024mpada
=008  931007s1859\\\\stk\\\\\s\\\\\000\p\eng\\
=FMT  \\$a  BK
=040  \\$aUk$cUk$dUk
=245  04$aThe Burns centenary poems :$ba collection of fifty of the best out of many hundreds written on occasion of the centenary celebration ... /$cselected and edited by G. Anderson and J. Finlay.
=264  \1$aGlasgow :$bT. Murray & Son,$c1859.
=300  \\$axiv, 264 pages ;$c(8º)
=336  \\$atext$2rdacontent
=337  \\$acomputer$2rdamedia
=338  \\$aonline resource$2rdacarrier
=600  10$aBurns, Robert,$d1759-1796.
=700  1\$aANDERSON, George,$cof Glasgow
=700  1\$aFINLAY, John,$cof Glasgow?.
=856  41$uhttp://books.google.co.uk/books?vid=BL:A0018602411$yGoogle_Books
=859  \\$aXLD$bMS Digitised
=859  \\$aXLD$bGOOGLEBOOKS
=852  4\$aBritish Library$bHMNTS$cDRT$jDigital Store 11648.f.7.
=985  \\$aCorrected by MS generated file for WR# 11/211
=985  \\$aCorrected by MS generated file for WR# 1805-0738
=CAT  \\$aBATCH-MSDN$b00$c20081114$lBLL01$h2142
=CAT  \\$aBATCH$b00$c20081115$lBLL01$h1540
=CAT  \\$aBATCH-UPD$b00$c20100501$lBLL01$h0034
=CAT  \\$a8874$b40$c20120126$lBLL01$h1259
=CAT  \\$aWR13.117$c20130720$lBLL01$h1902
=CAT  \\$aWR14.046$c20140417$lBLL01$h1708
=CAT  \\$aWR13.144/5$c20140418$lBLL01$h1004
=CAT  \\$aWR14_057$b00$c20141011$lBLL01$h1510
=CAT  \\$aWR11_211$c20141230$lBLL01$h1736
=CAT  \\$aBLSS-CORR$b00$c20141230$lBLL01$h1742
=CAT  \\$aBATCH-DCW$b00$c20150219$lBLL01$h0208
=CAT  \\$aBATCH-FIX$c20160124$lBLL01$h1228
=CAT  \\$aBATCH-FIX$c20160125$lBLL01$h1511
=CAT  \\$aBATCH-DCW$c20160710$lBLL01$h1803
=CAT  \\$aBATCH-DCW$c20160713$lBLL01$h1618
=CAT  \\$a1805-0738$c20181228$lBLL01$h1817
=CAT  \\$a1805-0738$b00$c20181228$lBLL01$h1904
=CAT  \\$aW2001-2376$c20200619$lBLL01$h1938
=CAT  \\$a7764$b40$c20210204$lBLL01$h1156
=FIN  \\$aY$d20081114
=LKR  \\$aPAR$lBLL01$r776$b000078735$mThe Burns Centenary Poems$nThe Burns Centenary Poems
=DGM  \\$a000078735$bCatBridge variable field
=DRT  \\$aMSD
=DRT  \\$aGOOGLEBOOKS
=SRC  \\$aGOOGLEBOOKS$bGoogleBooks_20150218
=SRC  \\$aMSD$bMSDIG_000050
=LAS  \\$a7764$b40$c20210204$lBLL01$h1156

