=LDR  02372 am a22006013  4500
=001  014810732
=003  Uk
=005  20210204101106.0
=007  cr\mn\024mpadp
=007  cr\mn\024mpada
=008  880906s1855\\\\stk\\\\\s\\\\\000\p\eng\\
=FMT  \\$a  BK
=040  \\$aUk$cUk$dUk
=100  1\$aJohnson, Samuel,$d1709-1784.
=245  14$aThe poetical works of Johnson, Parnell, Gray, and Smollett$h[electronic resource] :$bwith memoirs, critical dissertations, and explanatory notes /$cby the Rev. George Gilfillan
=260  \\$aEdinburgh :$bJ. Nichol,$c1855.
=300  \\$avii, 254 p. ;$c23 cm.
=336  \\$atext$2rdacontent
=337  \\$acomputer$2rdamedia
=338  \\$aonline resource$2rdacarrier
=700  12$aParnell, Thomas,$d1679-1718.
=700  12$aGray, Thomas,$d1716-1771.
=700  12$aSmollett, T.$q(Tobias),$d1721-1771.
=700  1\$aGilfillan, George,$d1813-1878.
=859  \\$aXLD$bMS Digitised
=856  41$uhttp://books.google.co.uk/books?vid=BL:A0017792176$yGoogle_Books
=859  \\$aXLD$bGOOGLEBOOKS
=852  4\$aBritish Library$bHMNTS$cDRT$jDigital Store 11603.f.12.
=985  \\$aCorrected by MS generated file for WR# 11/211
=CAT  \\$aBATCH-MSDN$b00$c20081115$lBLL01$h1628
=CAT  \\$aBATCH$b00$c20081115$lBLL01$h1853
=CAT  \\$aBATCH-UPD$b00$c20100501$lBLL01$h0037
=CAT  \\$a8874$b40$c20120131$lBLL01$h0951
=CAT  \\$aWR13.117$c20130720$lBLL01$h1905
=CAT  \\$aWR14.046$c20140417$lBLL01$h1711
=CAT  \\$aWR13.144/5$c20140418$lBLL01$h1006
=CAT  \\$aBATCH-DCW$b00$c20141116$lBLL01$h1227
=CAT  \\$aWR11_211$c20141230$lBLL01$h1737
=CAT  \\$aBLSS-CORR$b00$c20141230$lBLL01$h1742
=CAT  \\$aWR14_057$b00$c20151129$lBLL01$h1958
=CAT  \\$aBATCH-FIX$c20160124$lBLL01$h1228
=CAT  \\$aBATCH-FIX$c20160125$lBLL01$h1511
=CAT  \\$aBATCH-DCW$c20160710$lBLL01$h1803
=CAT  \\$aBATCH-DCW$c20160713$lBLL01$h1618
=CAT  \\$a6490$b40$c20210204$lBLL01$h1011
=FIN  \\$aY$d20081115
=LKR  \\$aPAR$lBLL01$r776$b001422638$mThe poetical works of Johnson, Parnell, Gray, and Smollett$nThe poetical works of Johnson, Parnell, Gray, and Smollett
=DGM  \\$a001422638$bCatBridge variable field
=DRT  \\$aMSD
=DRT  \\$aGOOGLEBOOKS
=SRC  \\$aGOOGLEBOOKS$bGoogleBooks_20141115
=SRC  \\$aMSD$bmsdig_000051
=LAS  \\$a6490$b40$c20210204$lBLL01$h1011

