=LDR  02228 am a22006013  4500
=001  014810737
=003  Uk
=005  20210204095439.0
=007  cr\mn\024mpadp
=007  cr\mn\024mpada
=008  880908s1857\\\\stk\\\\\s\\\\\000\1\eng\\
=FMT  \\$a  BK
=040  \\$aUk$cUk$dUk
=100  1\$aHamilton, C. G.,$cMrs.
=245  14$aThe exiles of Italy$h[electronic resource] /$cby C. G. H[amilton].
=264  \1$aEdinburgh :$bT. Constable & Co,$c1857.
=300  \\$axxxii, 502 pages ;$c20 cm. (8º)
=336  \\$atext$2rdacontent
=337  \\$acomputer$2rdamedia
=338  \\$aonline resource$2rdacarrier
=859  \\$aXLD$bMS Digitised
=856  41$uhttp://books.google.co.uk/books?vid=BL:A0017509571$yGoogle_Books
=859  \\$aXLD$bGOOGLEBOOKS
=852  4\$aBritish Library$bHMNTS$cDRT$jDigital Store 12631.f.14.
=985  \\$aCorrected by MS generated file for WR# 11/211
=985  \\$aCorrected by MS generated file for WR# 1805-0738
=CAT  \\$aBATCH-MSDN$b00$c20081115$lBLL01$h1628
=CAT  \\$aBATCH$b00$c20081115$lBLL01$h1853
=CAT  \\$aBATCH-UPD$b00$c20100501$lBLL01$h0037
=CAT  \\$a8874$b40$c20120131$lBLL01$h1029
=CAT  \\$aWR13.117$c20130720$lBLL01$h1905
=CAT  \\$aWR14.046$c20140417$lBLL01$h1711
=CAT  \\$aWR13.144/5$c20140418$lBLL01$h1006
=CAT  \\$aBATCH-DCW$b00$c20140728$lBLL01$h0215
=CAT  \\$aWR11_211$c20141230$lBLL01$h1737
=CAT  \\$aBLSS-CORR$b00$c20141230$lBLL01$h1742
=CAT  \\$aWR14_057$b00$c20151129$lBLL01$h1958
=CAT  \\$aBATCH-FIX$c20160124$lBLL01$h1228
=CAT  \\$aBATCH-FIX$c20160125$lBLL01$h1511
=CAT  \\$aBATCH-DCW$c20160710$lBLL01$h1803
=CAT  \\$aBATCH-DCW$c20160713$lBLL01$h1618
=CAT  \\$a1805-0738$c20181228$lBLL01$h1818
=CAT  \\$a1805-0738$b00$c20181228$lBLL01$h1905
=CAT  \\$aW2001-2376$c20200619$lBLL01$h1940
=CAT  \\$a6490$b40$c20210204$lBLL01$h0954
=FIN  \\$aY$d20081115
=LKR  \\$aPAR$lBLL01$r776$b001552179$mThe exiles of Italy$nThe exiles of Italy
=DGM  \\$a001552179$bCatBridge variable field
=DRT  \\$aMSD
=DRT  \\$aGOOGLEBOOKS
=SRC  \\$aGOOGLEBOOKS$bGoogleBooks_20140727
=SRC  \\$aMSD$bmsdig_000051
=LAS  \\$a6490$b40$c20210204$lBLL01$h0954

