=LDR  02918 am a22006733  4500
=001  014816167
=003  Uk
=005  20210205103317.0
=007  cr\mn\024mpadp
=007  cr\mn\024mpada
=008  880126s1790\\\\enk\\\\\s\\\\\000\p\eng\\
=FMT  \\$a  BK
=040  \\$aUk$cUk$dUk
=245  04$aThe galaxy :$bConsisting of a variety of sacred and other poetry. The whole original and new /$cBy W. Belcher, and others.
=264  \1$aRochester :$bprinted by W. Gillman, at the Phoenix Printing Office. And sold by James Evans, London,$c1790.
=300  \\$a[4], 18, [2], 97, [1]; [2], 48; 54; [4], vii, [4], 4-93, [1] pages ;$c(4º)
=336  \\$atext$2rdacontent
=337  \\$acomputer$2rdamedia
=338  \\$aonline resource$2rdacarrier
=340  \\$m4to$2rdabf
=500  \\$aIncludes: 'A pindaric poem. .. By Hannah Rowe', 1789; 'Free versions of some passages of the Prophets', 1789; and 'Poems on various subjects', 1790, each with separate titlepage, pagination and register.
=500  \\$a'The new Arcadia' and 'The je ne scai quoi. A poem. The second edition' in 'Poems on various subjects' each have separate dated titlepages.
=500  \\$aWith a half-title.
=700  1\$aBELCHER, William$c(Grammarian)
=700  12$aRowe, Hannah.$tPindaric poem.
=859  \\$aXLD$bMS Digitised
=856  41$uhttp://books.google.co.uk/books?vid=BL:A0017982014$yGoogle_Books
=859  \\$aXLD$bGOOGLEBOOKS
=852  4\$aBritish Library$bHMNTS$cDRT$jDigital Store 11642.h.44.
=985  \\$aCorrected by MS generated file for WR# 11/211
=985  \\$aRecord amended for WR# 13/070
=985  \\$aCorrected by MS generated file for WR# 1805-0738
=CAT  \\$aBATCH-MSDN$b00$c20081116$lBLL01$h1154
=CAT  \\$aBATCH$b00$c20081116$lBLL01$h1403
=CAT  \\$aBATCH-UPD$b00$c20100501$lBLL01$h0039
=CAT  \\$a8874$b40$c20120127$lBLL01$h0807
=CAT  \\$aWR13_070$b00$c20130504$lBLL01$h0307
=CAT  \\$aWR13.117$c20130720$lBLL01$h1908
=CAT  \\$aWR14.046$c20140417$lBLL01$h1713
=CAT  \\$aWR13.144/5$c20140418$lBLL01$h1008
=CAT  \\$aBATCH-DCW$b00$c20141120$lBLL01$h0209
=CAT  \\$aWR11_211$c20141230$lBLL01$h1738
=CAT  \\$aBLSS-CORR$b00$c20141230$lBLL01$h1743
=CAT  \\$aWR14_057$b00$c20151129$lBLL01$h1955
=CAT  \\$aBATCH-FIX$c20160124$lBLL01$h1228
=CAT  \\$aBATCH-FIX$c20160125$lBLL01$h1512
=CAT  \\$aBATCH-DCW$c20160710$lBLL01$h1803
=CAT  \\$aBATCH-DCW$c20160713$lBLL01$h1618
=CAT  \\$a1805-0738$c20181228$lBLL01$h1819
=CAT  \\$a1805-0738$b00$c20181228$lBLL01$h1906
=CAT  \\$a6490$b40$c20210205$lBLL01$h1033
=FIN  \\$aY$d20081116
=LKR  \\$aPAR$lBLL01$r776$b000316590$mThe Galaxy$nThe Galaxy
=DGM  \\$a000316590$bCatBridge variable field
=DRT  \\$aMSD
=DRT  \\$aGOOGLEBOOKS
=SRC  \\$aGOOGLEBOOKS$bGoogleBooks_20141119
=SRC  \\$aMSD$bmsdig_000052
=LAS  \\$a6490$b40$c20210205$lBLL01$h1033

