=LDR  02470 am a22006133  4500
=001  014816168
=003  Uk
=005  20210205104609.0
=007  cr\mn\024mpadp
=007  cr\mn\024mpada
=008  960726s1787\\\\enk\\\\\s\\\\\000\p\eng\\
=FMT  \\$a  BK
=040  \\$aUk$cUk$dUk
=245  00$aMusae seatonianae$h[electronic resource].$bA complete collection of the Cambridge prize poems, from the first institution of that premium by the Rev. Mr. Tho. Seaton, in 1750, to 1770. To which are added, two poems, likewise written for the prize, by Mr. Bally and Mr. Scott.
=264  \1$aLondon printed :$bsold by J. Deighton,$c1787.
=300  \\$a[2], vii, [1], 334 pages ;$c(8º)
=336  \\$atext$2rdacontent
=337  \\$acomputer$2rdamedia
=338  \\$aonline resource$2rdacarrier
=340  \\$m8vo$2rdabf
=500  \\$aHorizontal chain lines.
=500  \\$aA reissue of the edition of 1772.
=859  \\$aXLD$bMS Digitised
=856  41$uhttp://books.google.co.uk/books?vid=BL:A0017787258$yGoogle_Books
=859  \\$aXLD$bGOOGLEBOOKS
=852  4\$aBritish Library$bHMNTS$cDRT$jDigital Store 11602.ccc.4.
=985  \\$aCorrected by MS generated file for WR# 11/211
=985  \\$aCorrected by MS generated file for WR# 1805-0738
=CAT  \\$aBATCH-MSDN$b00$c20081116$lBLL01$h1154
=CAT  \\$aBATCH$b00$c20081116$lBLL01$h1403
=CAT  \\$aBATCH-UPD$b00$c20100501$lBLL01$h0039
=CAT  \\$a8874$b40$c20120127$lBLL01$h1111
=CAT  \\$aWR13.117$c20130720$lBLL01$h1908
=CAT  \\$aWR14.046$c20140417$lBLL01$h1713
=CAT  \\$aWR13.144/5$c20140418$lBLL01$h1008
=CAT  \\$aBATCH-DCW$b00$c20140817$lBLL01$h0215
=CAT  \\$aWR11_211$c20141230$lBLL01$h1738
=CAT  \\$aBLSS-CORR$b00$c20141230$lBLL01$h1743
=CAT  \\$aWR14_057$b00$c20151129$lBLL01$h1956
=CAT  \\$aBATCH-FIX$c20160124$lBLL01$h1228
=CAT  \\$aBATCH-FIX$c20160125$lBLL01$h1512
=CAT  \\$aBATCH-DCW$c20160710$lBLL01$h1803
=CAT  \\$aBATCH-DCW$c20160713$lBLL01$h1618
=CAT  \\$a1805-0738$c20181228$lBLL01$h1819
=CAT  \\$a1805-0738$b00$c20181228$lBLL01$h1906
=CAT  \\$a6490$b40$c20210205$lBLL01$h1046
=FIN  \\$aY$d20081116
=LKR  \\$aPAR$lBLL01$r776$b000578923$mMusae seatonianae$nMusae seatonianae
=DGM  \\$a000578923$bCatBridge variable field
=DRT  \\$aMSD
=DRT  \\$aGOOGLEBOOKS
=SRC  \\$aGOOGLEBOOKS$bGoogleBooks_20140816
=SRC  \\$aMSD$bmsdig_000052
=LAS  \\$a6490$b40$c20210205$lBLL01$h1046

