=LDR  02059 am a22005653  4500
=001  014816173
=003  Uk
=005  20210208135001.0
=007  cr\mn\024mpadp
=007  cr\mn\024mpada
=008  880420s1678\\\\enk\\\\\s\\\\\000\d\eng\\
=FMT  \\$a  BK
=040  \\$aUk$cUk$dUk
=100  1\$aDuffett, Thomas.
=245  10$aPsyche debauch'd, a comedy$h[electronic resource] ,$bas it was acted at the Theatre-Royal.$cBy T. D. [i.e. Thomas Duffett.]
=264  \1$aLondon :$bJohn Smith,$c1678.
=300  \\$a82 pages ;$c(4º)
=336  \\$atext$2rdacontent
=337  \\$acomputer$2rdamedia
=338  \\$aonline resource$2rdacarrier
=340  \\$m4to$2rdabf
=859  \\$aXLD$bMS Digitised
=856  41$uhttp://books.google.co.uk/books?vid=BL:A0020150554$yGoogle_Books
=859  \\$aXLD$bGOOGLEBOOKS
=852  4\$aBritish Library$bHMNTS$cDRT$jDigital Store 644.h.6.
=985  \\$aCorrected by MS generated file for WR# 1805-0738
=CAT  \\$aBATCH-MSDN$b00$c20081116$lBLL01$h1154
=CAT  \\$aBATCH$b00$c20081116$lBLL01$h1403
=CAT  \\$aBATCH-UPD$b00$c20100501$lBLL01$h0039
=CAT  \\$a8874$b40$c20120127$lBLL01$h1455
=CAT  \\$aWR13.117$c20130720$lBLL01$h1908
=CAT  \\$aWR14.046$c20140417$lBLL01$h1713
=CAT  \\$aWR13.144/5$c20140418$lBLL01$h1008
=CAT  \\$aBATCH-DCW$b00$c20150929$lBLL01$h0207
=CAT  \\$aWR14_057$b00$c20151129$lBLL01$h1956
=CAT  \\$aBATCH-FIX$c20160124$lBLL01$h1228
=CAT  \\$aBATCH-FIX$c20160125$lBLL01$h1512
=CAT  \\$aBATCH-DCW$c20160710$lBLL01$h1803
=CAT  \\$aBATCH-DCW$c20160713$lBLL01$h1618
=CAT  \\$a1805-0738$c20181228$lBLL01$h1819
=CAT  \\$a1805-0738$b00$c20181228$lBLL01$h1906
=CAT  \\$a6490$b40$c20210208$lBLL01$h1350
=FIN  \\$aY$d20081116
=LKR  \\$aPAR$lBLL01$r776$b000849202$mPsyche debauch'd$nPsyche debauch'd
=DGM  \\$a000849202$bCatBridge variable field
=DRT  \\$aMSD
=DRT  \\$aGOOGLEBOOKS
=SRC  \\$aGOOGLEBOOKS$bGoogleBooks_20150928
=SRC  \\$aMSD$bmsdig_000052
=LAS  \\$a6490$b40$c20210208$lBLL01$h1350

