=LDR  02290 am a22005893  4500
=001  014816178
=003  Uk
=005  20210204102529.0
=007  cr\mn\024mpadp
=007  cr\mn\024mpada
=008  880906s1854\\\\stk\\\\\s\\\\\000\p\eng\\
=FMT  \\$a  BK
=040  \\$aUk$cUk$dUk
=100  1\$aBeattie, James,$d1735-1803.
=245  14$aThe poetical works of Beattie, Blair, and Falconer$h[electronic resource] :$bWith lives, critical dissertations, and explanatory notes /$cby George Gilfillan
=260  \\$aEdinburgh :$bJames Nichol,$c1854.
=300  \\$axxiv, 298 p. ;$c23 cm.
=336  \\$atext$2rdacontent
=337  \\$acomputer$2rdamedia
=338  \\$aonline resource$2rdacarrier
=700  1\$aBlair, Robert,$d1699-1746.
=700  1\$aFalconer, William,$d1732-1769.
=700  1\$aGilfillan, George,$d1813-1878.
=859  \\$aXLD$bMS Digitised
=856  41$uhttp://books.google.co.uk/books?vid=BL:A0017792177$yGoogle_Books
=859  \\$aXLD$bGOOGLEBOOKS
=852  4\$aBritish Library$bHMNTS$cDRT$jDigital Store 11603.g.2.
=985  \\$aCorrected by MS generated file for WR# 11/211
=CAT  \\$aBATCH-MSDN$b00$c20081116$lBLL01$h1154
=CAT  \\$aBATCH$b00$c20081116$lBLL01$h1403
=CAT  \\$aBATCH-UPD$b00$c20100501$lBLL01$h0039
=CAT  \\$a8874$b40$c20120131$lBLL01$h0914
=CAT  \\$aWR13.117$c20130720$lBLL01$h1908
=CAT  \\$aWR14.046$c20140417$lBLL01$h1713
=CAT  \\$aWR13.144/5$c20140418$lBLL01$h1008
=CAT  \\$aBATCH-DCW$b00$c20141116$lBLL01$h1227
=CAT  \\$aWR11_211$c20141230$lBLL01$h1738
=CAT  \\$aBLSS-CORR$b00$c20141230$lBLL01$h1743
=CAT  \\$aWR14_057$b00$c20151129$lBLL01$h1958
=CAT  \\$aBATCH-FIX$c20160124$lBLL01$h1228
=CAT  \\$aBATCH-FIX$c20160125$lBLL01$h1511
=CAT  \\$aBATCH-DCW$c20160710$lBLL01$h1803
=CAT  \\$aBATCH-DCW$c20160713$lBLL01$h1618
=CAT  \\$a6490$b40$c20210204$lBLL01$h1025
=FIN  \\$aY$d20081116
=LKR  \\$aPAR$lBLL01$r776$b001422634$mThe poetical works of Beattie, Blair, and Falconer$nThe poetical works of Beattie, Blair, and Falconer
=DGM  \\$a001422634$bCatBridge variable field
=DRT  \\$aMSD
=DRT  \\$aGOOGLEBOOKS
=SRC  \\$aGOOGLEBOOKS$bGoogleBooks_20141115
=SRC  \\$aMSD$bmsdig_000052
=LAS  \\$a6490$b40$c20210204$lBLL01$h1025

