=LDR  02135 am a22005413  4500
=001  014825756
=003  Uk
=005  20210205101847.0
=007  cr\mn\024mpadp
=007  cr\mn\024mpada
=008  891201s1812\\\\enk\\\\\s\\\\\000\p\eng\\
=FMT  \\$a  BK
=040  \\$aUk$cUk$dUk
=245  00$aPoetical selections$h[electronic resource] :$bconsisting of the most approved pieces of our best British poets, excellent specimens of fugitive poetry, and some original pieces /$cby Cowper, Darwin, and others that have never before been published.
=250  \\$aA New ed.
=260  \\$aBirmingham :$bPrinted and published by Thomson and Wrightson,$c1812.
=300  \\$axi, 300 p. :$bill. ;$c20 cm.
=336  \\$atext$2rdacontent
=337  \\$acomputer$2rdamedia
=338  \\$aonline resource$2rdacarrier
=650  \0$aEnglish poetry$y18th century.
=650  \0$aEnglish poetry$y19th century.
=859  \\$aXLD$bMS Digitised
=856  41$uhttp://books.google.co.uk/books?vid=BL:A0017787059$yGoogle_Books
=859  \\$aXLD$bGOOGLEBOOKS
=852  4\$aBritish Library$bHMNTS$cDRT$jDigital Store 11601.f.23.
=CAT  \\$aBATCH-MSDN$b00$c20081120$lBLL01$h1127
=CAT  \\$aBATCH$b00$c20081120$lBLL01$h1651
=CAT  \\$aBATCH-UPD$b00$c20100501$lBLL01$h0041
=CAT  \\$a8874$b40$c20120206$lBLL01$h1057
=CAT  \\$aWR13.117$c20130720$lBLL01$h1910
=CAT  \\$aWR14.046$c20140417$lBLL01$h1715
=CAT  \\$aWR13.144/5$c20140418$lBLL01$h1010
=CAT  \\$aBATCH-DCW$b00$c20140720$lBLL01$h0231
=CAT  \\$aWR14_057$b00$c20151129$lBLL01$h2001
=CAT  \\$aBATCH-FIX$c20160124$lBLL01$h1228
=CAT  \\$aBATCH-FIX$c20160125$lBLL01$h1511
=CAT  \\$aBATCH-DCW$c20160710$lBLL01$h1803
=CAT  \\$aBATCH-DCW$c20160713$lBLL01$h1618
=CAT  \\$a6490$b40$c20210205$lBLL01$h1018
=FIN  \\$aY$d20081120
=LKR  \\$aPAR$lBLL01$r776$b002942264$mPoetical selections$nPoetical selections
=DGM  \\$a002942264$bCatBridge variable field
=DRT  \\$aMSD
=DRT  \\$aGOOGLEBOOKS
=SRC  \\$aGOOGLEBOOKS$bGoogleBooks_20140719
=SRC  \\$aMSD$bmsdig_000053
=LAS  \\$a6490$b40$c20210205$lBLL01$h1018

