=LDR  02576 am a22006253  4500
=001  014825767
=003  Uk
=005  20210211165400.0
=007  cr\mn\024mpadp
=007  cr\mn\024mpada
=008  900829s1866\\\\enka\\\\s\\\\\000\p\eng\\
=FMT  \\$a  BK
=040  \\$aUk$cUk$dUk
=245  00$aPoetic voices of the eighteenth century$h[electronic resource] :$bcomprising the poems of Gray, Beattie, Blair, Collins, Thomson, Kirke White, complete ; with a fine steel portrait of Gray, and a fac-simile of the mss. of the Elegy.
=260  \\$aLondon :$bCharles Griffin and Company,$c1866.
=300  \\$a255 p., [1] folded leaf :$bill. ;$c25 cm.
=336  \\$atext$2rdacontent
=337  \\$acomputer$2rdamedia
=338  \\$aonline resource$2rdacarrier
=500  \\$aEach section has separate t.p.: The poetical works of ..., and a biographical notice of the author.
=700  1\$aGray, Thomas,$d1716-1771.
=700  1\$aBeattie, James,$d1735-1803.
=700  1\$aBlair, Robert,$d1699-1746.
=700  1\$aCollins, William,$d1721-1759.
=700  1\$aThomson, James,$d1700-1748.
=700  1\$aWhite, Henry Kirke,$d1785-1806.
=859  \\$aXLD$bMS Digitised
=856  41$uhttp://books.google.co.uk/books?vid=BL:A0017797927$yGoogle_Books
=859  \\$aXLD$bGOOGLEBOOKS
=852  4\$aBritish Library$bHMNTS$cDRT$jDigital Store 11609.i.7.
=985  \\$aCorrected by MS generated file for WR# 11/211
=CAT  \\$aBATCH-MSDN$b00$c20081120$lBLL01$h1127
=CAT  \\$aBATCH$b00$c20081120$lBLL01$h1651
=CAT  \\$aBATCH-UPD$b00$c20100501$lBLL01$h0041
=CAT  \\$a8874$b40$c20120309$lBLL01$h1409
=CAT  \\$aWR13.117$c20130720$lBLL01$h1910
=CAT  \\$aWR14.046$c20140417$lBLL01$h1715
=CAT  \\$aWR13.144/5$c20140418$lBLL01$h1010
=CAT  \\$aBATCH-DCW$b00$c20141114$lBLL01$h0206
=CAT  \\$aWR11_211$c20141230$lBLL01$h1739
=CAT  \\$aBLSS-CORR$b00$c20141230$lBLL01$h1743
=CAT  \\$aWR14_057$b00$c20151129$lBLL01$h2003
=CAT  \\$aBATCH-FIX$c20160124$lBLL01$h1228
=CAT  \\$aBATCH-FIX$c20160125$lBLL01$h1511
=CAT  \\$aBATCH-DCW$c20160710$lBLL01$h1803
=CAT  \\$aBATCH-DCW$c20160713$lBLL01$h1618
=CAT  \\$a7764$b40$c20210211$lBLL01$h1654
=FIN  \\$aY$d20081120
=LKR  \\$aPAR$lBLL01$r776$b003811019$mPoetic voices of the eighteenth century$nPoetic voices of the eighteenth century
=DGM  \\$a003811019$bCatBridge variable field
=DRT  \\$aMSD
=DRT  \\$aGOOGLEBOOKS
=SRC  \\$aGOOGLEBOOKS$bGoogleBooks_20141113
=SRC  \\$aMSD$bmsdig_000053
=LAS  \\$a7764$b40$c20210211$lBLL01$h1654

