=LDR  02366 am a22006133  4500
=001  014825768
=003  Uk
=005  20210211163715.0
=007  cr\mn\024mpadp
=007  cr\mn\024mpada
=008  900814s1860\\\\enk\\\\\s\\\\\000\p\eng\\
=FMT  \\$a  BK
=040  \\$aUk$cUk$dUk
=041  1\$aeng$alat$hlat
=245  00$aCelebria quaedam anglorum poematia latine reddita$h[electronic resource] /$cauctore Ricardo Ward.
=260  \\$aLondini :$b[s.n.],$c1860.
=300  \\$a97 p. ;$c28 cm.
=336  \\$atext$2rdacontent
=337  \\$acomputer$2rdamedia
=338  \\$aonline resource$2rdacarrier
=546  \\$aEnglish texts on left, Latin translations on right.
=500  \\$aPrinted for private circulation?.
=650  \0$aEnglish poetry$vTranslations into Latin.
=700  1\$aWARD, Richard,$cFellow of Trinity College, Cambridge.
=856  41$uhttp://books.google.co.uk/books?vid=BL:A0017792047$yGoogle_Books
=859  \\$aXLD$bMS Digitised
=859  \\$aXLD$bGOOGLEBOOKS
=852  4\$aBritish Library$bHMNTS$cDRT$jDigital Store 11602.h.8.
=985  \\$aUpgraded by BSS-generated file for WR2011-1473
=CAT  \\$aBATCH-MSDN$b00$c20081120$lBLL01$h1127
=CAT  \\$aBATCH$b00$c20081120$lBLL01$h1651
=CAT  \\$aBATCH-UPD$b00$c20100501$lBLL01$h0041
=CAT  \\$a8874$b40$c20120309$lBLL01$h1417
=CAT  \\$aWR13.117$c20130720$lBLL01$h1910
=CAT  \\$aWR14.046$c20140417$lBLL01$h1715
=CAT  \\$aWR13.144/5$c20140418$lBLL01$h1010
=CAT  \\$aBATCH-DCW$b00$c20141025$lBLL01$h0224
=CAT  \\$aWR14_057$b00$c20151129$lBLL01$h2003
=CAT  \\$aBATCH-DCW$b00$c20151210$lBLL01$h1834
=CAT  \\$aBATCH-FIX$c20160124$lBLL01$h1228
=CAT  \\$aBATCH-FIX$c20160125$lBLL01$h1511
=CAT  \\$aBATCH-DCW$c20160710$lBLL01$h1803
=CAT  \\$aBATCH-DCW$c20160713$lBLL01$h1618
=CAT  \\$aW2011-1473$b00$c20201124$lBLL01$h1902
=CAT  \\$a7764$b40$c20210211$lBLL01$h1637
=FIN  \\$aY$d20081120
=LKR  \\$aPAR$lBLL01$r776$b003850560$mCelebria quaedam anglorum poematia latine reddita$nCelebria quaedam anglorum poematia latine reddita
=DGM  \\$a003850560$bCatBridge variable field
=DRT  \\$aMSD
=DRT  \\$aGOOGLEBOOKS
=SRC  \\$aGOOGLEBOOKS$bGoogleBooks_20141024
=SRC  \\$aGOOGLEBOOKS$bGoogleBooks_20141024_2
=SRC  \\$aMSD$bmsdig_000053
=LAS  \\$a7764$b40$c20210211$lBLL01$h1637

