=LDR  02301 am a22005893  4500
=001  014825775
=003  Uk
=005  20210211165202.0
=007  cr\mn\024mpadp
=007  cr\mn\024mpada
=008  970606s1868\\\\enka\\\\s\\\\\000\0\eng\\
=FMT  \\$a  BK
=040  \\$aUK$cUk
=245  04$aThe 5 alls$h[electronic resource] :$ba collection of stories, charades, acrostics ... Edited by T. Hood.
=264  \1$aLondon,$c[1868]
=300  \\$c(8º)
=336  \\$atext$2rdacontent
=337  \\$acomputer$2rdamedia
=338  \\$aonline resource$2rdacarrier
=500  \\$aIncludes three pieces by W.S. Gilbert: "The lawyer's story", "Ruy Blas", and "The history of the gentleman who was born at an advanced age."
=700  1\$aGilbert, W. S.$q(William Schwenck),$d1836-1911.
=700  1\$aHood, Tom,$d1835-1874.
=859  \\$aXLD$bMS Digitised
=856  41$uhttp://books.google.co.uk/books?vid=BL:A0017520353$yGoogle_Books
=859  \\$aXLD$bGOOGLEBOOKS
=852  4\$aBritish Library$bHMNTS$cDRT$jDigital Store 12620.f.17.$3[A reissue of Warnes's Christmas Annual, 1866.]
=985  \\$aCorrected by MS generated file for WR# 1805-0738
=CAT  \\$aBATCH-MSDN$b00$c20081120$lBLL01$h1127
=CAT  \\$aBATCH$b00$c20081120$lBLL01$h1651
=CAT  \\$aBATCH-UPD$b00$c20100501$lBLL01$h0041
=CAT  \\$a8874$b40$c20120312$lBLL01$h1412
=CAT  \\$aWR13.117$c20130720$lBLL01$h1910
=CAT  \\$aWR14.046$c20140417$lBLL01$h1715
=CAT  \\$aWR13.144/5$c20140418$lBLL01$h1010
=CAT  \\$aBATCH-DCW$b00$c20140801$lBLL01$h0236
=CAT  \\$aWR14_057$b00$c20151129$lBLL01$h2004
=CAT  \\$aBATCH-FIX$c20160124$lBLL01$h1228
=CAT  \\$aBATCH-FIX$c20160125$lBLL01$h1511
=CAT  \\$aBATCH-DCW$c20160710$lBLL01$h1803
=CAT  \\$aBATCH-DCW$c20160713$lBLL01$h1618
=CAT  \\$a1805-0738$c20181228$lBLL01$h1821
=CAT  \\$a1805-0738$b00$c20181228$lBLL01$h1906
=CAT  \\$aW2001-2376$c20200626$lBLL01$h1820
=CAT  \\$a7764$b40$c20210211$lBLL01$h1652
=FIN  \\$aY$d20081120
=LKR  \\$aPAR$lBLL01$r776$b004114889$mThe 5 alls$nThe 5 alls
=DGM  \\$a004114889$bCatBridge variable field
=DRT  \\$aMSD
=DRT  \\$aGOOGLEBOOKS
=SRC  \\$aGOOGLEBOOKS$bGoogleBooks_20140731
=SRC  \\$aMSD$bmsdig_000053
=LAS  \\$a7764$b40$c20210211$lBLL01$h1652

